%YAML 1.1
%TAG !u! tag:unity3d.com,2011:
--- !u!1 &2816631784468851892
GameObject:
  m_ObjectHideFlags: 0
  m_CorrespondingSourceObject: {fileID: 0}
  m_PrefabInstance: {fileID: 0}
  m_PrefabAsset: {fileID: 0}
  serializedVersion: 6
  m_Component:
  - component: {fileID: 4577090502814816487}
  - component: {fileID: 5183359762019207416}
  - component: {fileID: 4114895736244841594}
  - component: {fileID: 7389210195391240484}
  - component: {fileID: 277529235100094499}
  - component: {fileID: 755159558}
  - component: {fileID: 755159557}
  m_Layer: 0
  m_Name: Head
  m_TagString: Untagged
  m_Icon: {fileID: 0}
  m_NavMeshLayer: 0
  m_StaticEditorFlags: 0
  m_IsActive: 1
--- !u!4 &4577090502814816487
Transform:
  m_ObjectHideFlags: 0
  m_CorrespondingSourceObject: {fileID: 0}
  m_PrefabInstance: {fileID: 0}
  m_PrefabAsset: {fileID: 0}
  m_GameObject: {fileID: 2816631784468851892}
  m_LocalRotation: {x: 0, y: 0, z: 0, w: 1}
  m_LocalPosition: {x: 0, y: 0, z: 0}
  m_LocalScale: {x: 1, y: 1, z: 1}
  m_Children:
  - {fileID: 1104219889392209826}
  m_Father: {fileID: 8507684985427177318}
  m_RootOrder: 0
  m_LocalEulerAnglesHint: {x: 0, y: 0, z: 0}
--- !u!114 &5183359762019207416
MonoBehaviour:
  m_ObjectHideFlags: 0
  m_CorrespondingSourceObject: {fileID: 0}
  m_PrefabInstance: {fileID: 0}
  m_PrefabAsset: {fileID: 0}
  m_GameObject: {fileID: 2816631784468851892}
  m_Enabled: 1
  m_EditorHideFlags: 0
  m_Script: {fileID: -363599832, guid: c424820a8880b8845bda10ec0b41507e, type: 3}
  m_Name: 
  m_EditorClassIdentifier: 
  _realtime: {fileID: 0}
  _sceneViewUUID: 
  _viewUUID: 
  _sceneViewPreventOwnershipTakeover: 0
  _sceneViewDestroyWhenOwnerOrLastClientLeaves: 1
  _isRootPrefabView: 0
  _components:
  - componentID: 1
    component: {fileID: 277529235100094499}
  - componentID: 2
    component: {fileID: 4114895736244841594}
  _childViews: []
--- !u!114 &4114895736244841594
MonoBehaviour:
  m_ObjectHideFlags: 0
  m_CorrespondingSourceObject: {fileID: 0}
  m_PrefabInstance: {fileID: 0}
  m_PrefabAsset: {fileID: 0}
  m_GameObject: {fileID: 2816631784468851892}
  m_Enabled: 1
  m_EditorHideFlags: 0
  m_Script: {fileID: 11500000, guid: cd4ff7916cbc1db4dae0b06d829ff79f, type: 3}
  m_Name: 
  m_EditorClassIdentifier: 
--- !u!114 &7389210195391240484
MonoBehaviour:
  m_ObjectHideFlags: 0
  m_CorrespondingSourceObject: {fileID: 0}
  m_PrefabInstance: {fileID: 0}
  m_PrefabAsset: {fileID: 0}
  m_GameObject: {fileID: 2816631784468851892}
  m_Enabled: 1
  m_EditorHideFlags: 0
  m_Script: {fileID: 11500000, guid: 0721ea03dec5e4e41b96751a8e7c437f, type: 3}
  m_Name: 
  m_EditorClassIdentifier: 
--- !u!114 &277529235100094499
MonoBehaviour:
  m_ObjectHideFlags: 0
  m_CorrespondingSourceObject: {fileID: 0}
  m_PrefabInstance: {fileID: 0}
  m_PrefabAsset: {fileID: 0}
  m_GameObject: {fileID: 2816631784468851892}
  m_Enabled: 1
  m_EditorHideFlags: 0
  m_Script: {fileID: -1029778088, guid: c424820a8880b8845bda10ec0b41507e, type: 3}
  m_Name: 
  m_EditorClassIdentifier: 
  _interpolate: 1
  _syncPosition: 1
  _syncRotation: 1
  _syncScale: 0
  _syncVelocity: 1
  _maintainOwnershipWhileSleeping: 0
--- !u!20 &755159558
Camera:
  m_ObjectHideFlags: 0
  m_CorrespondingSourceObject: {fileID: 0}
  m_PrefabInstance: {fileID: 0}
  m_PrefabAsset: {fileID: 0}
  m_GameObject: {fileID: 2816631784468851892}
  m_Enabled: 1
  serializedVersion: 2
  m_ClearFlags: 1
  m_BackGroundColor: {r: 0.19215687, g: 0.3019608, b: 0.4745098, a: 0}
  m_projectionMatrixMode: 1
  m_GateFitMode: 2
  m_FOVAxisMode: 0
  m_SensorSize: {x: 36, y: 24}
  m_LensShift: {x: 0, y: 0}
  m_FocalLength: 50
  m_NormalizedViewPortRect:
    serializedVersion: 2
    x: 0
    y: 0
    width: 1
    height: 1
  near clip plane: 0.05
  far clip plane: 1000
  field of view: 60
  orthographic: 0
  orthographic size: 5
  m_Depth: -1
  m_CullingMask:
    serializedVersion: 2
    m_Bits: 4294967295
  m_RenderingPath: -1
  m_TargetTexture: {fileID: 0}
  m_TargetDisplay: 0
  m_TargetEye: 3
  m_HDR: 0
  m_AllowMSAA: 1
  m_AllowDynamicResolution: 0
  m_ForceIntoRT: 0
  m_OcclusionCulling: 1
  m_StereoConvergence: 10
  m_StereoSeparation: 0.022
--- !u!114 &755159557
MonoBehaviour:
  m_ObjectHideFlags: 0
  m_CorrespondingSourceObject: {fileID: 0}
  m_PrefabInstance: {fileID: 0}
  m_PrefabAsset: {fileID: 0}
  m_GameObject: {fileID: 2816631784468851892}
  m_Enabled: 1
  m_EditorHideFlags: 0
  m_Script: {fileID: 11500000, guid: 5a2a9c34df4095f47b9ca8f975175f5b, type: 3}
  m_Name: 
  m_EditorClassIdentifier: 
  m_Device: 0
  m_PoseSource: 3
  m_PoseProviderComponent: {fileID: 0}
  m_TrackingType: 0
  m_UpdateType: 0
  m_UseRelativeTransform: 0
--- !u!1 &4089592440546950862
GameObject:
  m_ObjectHideFlags: 0
  m_CorrespondingSourceObject: {fileID: 0}
  m_PrefabInstance: {fileID: 0}
  m_PrefabAsset: {fileID: 0}
  serializedVersion: 6
  m_Component:
  - component: {fileID: 4845793447603014857}
  - component: {fileID: 6489286216146590959}
  - component: {fileID: 3601479471739533773}
  - component: {fileID: 3233055790570625164}
  m_Layer: 0
  m_Name: Geometry
  m_TagString: Untagged
  m_Icon: {fileID: 0}
  m_NavMeshLayer: 0
  m_StaticEditorFlags: 0
  m_IsActive: 1
--- !u!4 &4845793447603014857
Transform:
  m_ObjectHideFlags: 0
  m_CorrespondingSourceObject: {fileID: 0}
  m_PrefabInstance: {fileID: 0}
  m_PrefabAsset: {fileID: 0}
  m_GameObject: {fileID: 4089592440546950862}
  m_LocalRotation: {x: 0, y: 0, z: 0, w: 1}
  m_LocalPosition: {x: 0, y: 0, z: 0}
  m_LocalScale: {x: 0.1, y: 0.1, z: 0.1}
  m_Children: []
  m_Father: {fileID: 5884157584828183132}
  m_RootOrder: 0
  m_LocalEulerAnglesHint: {x: 0, y: 0, z: 0}
--- !u!33 &6489286216146590959
MeshFilter:
  m_ObjectHideFlags: 0
  m_CorrespondingSourceObject: {fileID: 0}
  m_PrefabInstance: {fileID: 0}
  m_PrefabAsset: {fileID: 0}
  m_GameObject: {fileID: 4089592440546950862}
  m_Mesh: {fileID: 10202, guid: 0000000000000000e000000000000000, type: 0}
--- !u!65 &3601479471739533773
BoxCollider:
  m_ObjectHideFlags: 0
  m_CorrespondingSourceObject: {fileID: 0}
  m_PrefabInstance: {fileID: 0}
  m_PrefabAsset: {fileID: 0}
  m_GameObject: {fileID: 4089592440546950862}
  m_Material: {fileID: 0}
  m_IsTrigger: 0
  m_Enabled: 1
  serializedVersion: 2
  m_Size: {x: 1, y: 1, z: 1}
  m_Center: {x: 0, y: 0, z: 0}
--- !u!23 &3233055790570625164
MeshRenderer:
  m_ObjectHideFlags: 0
  m_CorrespondingSourceObject: {fileID: 0}
  m_PrefabInstance: {fileID: 0}
  m_PrefabAsset: {fileID: 0}
  m_GameObject: {fileID: 4089592440546950862}
  m_Enabled: 1
  m_CastShadows: 1
  m_ReceiveShadows: 1
  m_DynamicOccludee: 1
  m_MotionVectors: 1
  m_LightProbeUsage: 1
  m_ReflectionProbeUsage: 1
  m_RayTracingMode: 2
  m_RayTraceProcedural: 0
  m_RenderingLayerMask: 1
  m_RendererPriority: 0
  m_Materials:
  - {fileID: 10303, guid: 0000000000000000f000000000000000, type: 0}
  m_StaticBatchInfo:
    firstSubMesh: 0
    subMeshCount: 0
  m_StaticBatchRoot: {fileID: 0}
  m_ProbeAnchor: {fileID: 0}
  m_LightProbeVolumeOverride: {fileID: 0}
  m_ScaleInLightmap: 1
  m_ReceiveGI: 1
  m_PreserveUVs: 1
  m_IgnoreNormalsForChartDetection: 0
  m_ImportantGI: 0
  m_StitchLightmapSeams: 1
  m_SelectedEditorRenderState: 3
  m_MinimumChartSize: 4
  m_AutoUVMaxDistance: 0.5
  m_AutoUVMaxAngle: 89
  m_LightmapParameters: {fileID: 0}
  m_SortingLayerID: 0
  m_SortingLayer: 0
  m_SortingOrder: 0
  m_AdditionalVertexStreams: {fileID: 0}
--- !u!1 &5069500611747666405
GameObject:
  m_ObjectHideFlags: 0
  m_CorrespondingSourceObject: {fileID: 0}
  m_PrefabInstance: {fileID: 0}
  m_PrefabAsset: {fileID: 0}
  serializedVersion: 6
  m_Component:
  - component: {fileID: 3684663566237473837}
  - component: {fileID: 6050844456658310674}
  - component: {fileID: 6460608564026398638}
  - component: {fileID: 44695891}
  m_Layer: 0
  m_Name: Right Hand
  m_TagString: Untagged
  m_Icon: {fileID: 0}
  m_NavMeshLayer: 0
  m_StaticEditorFlags: 0
  m_IsActive: 1
--- !u!4 &3684663566237473837
Transform:
  m_ObjectHideFlags: 0
  m_CorrespondingSourceObject: {fileID: 0}
  m_PrefabInstance: {fileID: 0}
  m_PrefabAsset: {fileID: 0}
  m_GameObject: {fileID: 5069500611747666405}
  m_LocalRotation: {x: 0, y: 0, z: 0, w: 1}
  m_LocalPosition: {x: 0, y: 0, z: 0}
  m_LocalScale: {x: 1, y: 1, z: 1}
  m_Children:
  - {fileID: 4124782300622062987}
  m_Father: {fileID: 8507684985427177318}
  m_RootOrder: 2
  m_LocalEulerAnglesHint: {x: 0, y: 0, z: 0}
--- !u!114 &6050844456658310674
MonoBehaviour:
  m_ObjectHideFlags: 0
  m_CorrespondingSourceObject: {fileID: 0}
  m_PrefabInstance: {fileID: 0}
  m_PrefabAsset: {fileID: 0}
  m_GameObject: {fileID: 5069500611747666405}
  m_Enabled: 1
  m_EditorHideFlags: 0
  m_Script: {fileID: -363599832, guid: c424820a8880b8845bda10ec0b41507e, type: 3}
  m_Name: 
  m_EditorClassIdentifier: 
  _realtime: {fileID: 0}
  _sceneViewUUID: 
  _viewUUID: 
  _sceneViewPreventOwnershipTakeover: 0
  _sceneViewDestroyWhenOwnerOrLastClientLeaves: 1
  _isRootPrefabView: 0
  _components:
  - componentID: 1
    component: {fileID: 6460608564026398638}
  _childViews: []
--- !u!114 &6460608564026398638
MonoBehaviour:
  m_ObjectHideFlags: 0
  m_CorrespondingSourceObject: {fileID: 0}
  m_PrefabInstance: {fileID: 0}
  m_PrefabAsset: {fileID: 0}
  m_GameObject: {fileID: 5069500611747666405}
  m_Enabled: 1
  m_EditorHideFlags: 0
  m_Script: {fileID: -1029778088, guid: c424820a8880b8845bda10ec0b41507e, type: 3}
  m_Name: 
  m_EditorClassIdentifier: 
  _interpolate: 1
  _syncPosition: 1
  _syncRotation: 1
  _syncScale: 0
  _syncVelocity: 1
  _maintainOwnershipWhileSleeping: 0
--- !u!114 &44695891
MonoBehaviour:
  m_ObjectHideFlags: 0
  m_CorrespondingSourceObject: {fileID: 0}
  m_PrefabInstance: {fileID: 0}
  m_PrefabAsset: {fileID: 0}
  m_GameObject: {fileID: 5069500611747666405}
  m_Enabled: 1
  m_EditorHideFlags: 0
  m_Script: {fileID: 11500000, guid: 5a2a9c34df4095f47b9ca8f975175f5b, type: 3}
  m_Name: 
  m_EditorClassIdentifier: 
  m_Device: 1
  m_PoseSource: 5
  m_PoseProviderComponent: {fileID: 0}
  m_TrackingType: 0
  m_UpdateType: 0
  m_UseRelativeTransform: 0
--- !u!1 &5413817326537402901
GameObject:
  m_ObjectHideFlags: 0
  m_CorrespondingSourceObject: {fileID: 0}
  m_PrefabInstance: {fileID: 0}
  m_PrefabAsset: {fileID: 0}
  serializedVersion: 6
  m_Component:
  - component: {fileID: 1104219889392209826}
  - component: {fileID: 5995087101045233349}
  - component: {fileID: 7478430517149446762}
  - component: {fileID: 1246079181785067387}
  m_Layer: 0
  m_Name: Geometry
  m_TagString: Untagged
  m_Icon: {fileID: 0}
  m_NavMeshLayer: 0
  m_StaticEditorFlags: 0
  m_IsActive: 1
--- !u!4 &1104219889392209826
Transform:
  m_ObjectHideFlags: 0
  m_CorrespondingSourceObject: {fileID: 0}
  m_PrefabInstance: {fileID: 0}
  m_PrefabAsset: {fileID: 0}
  m_GameObject: {fileID: 5413817326537402901}
  m_LocalRotation: {x: 0, y: 0, z: 0, w: 1}
  m_LocalPosition: {x: 0, y: 0, z: 0}
  m_LocalScale: {x: 0.1, y: 0.1, z: 0.1}
  m_Children: []
  m_Father: {fileID: 4577090502814816487}
  m_RootOrder: 0
  m_LocalEulerAnglesHint: {x: 0, y: 0, z: 0}
--- !u!33 &5995087101045233349
MeshFilter:
  m_ObjectHideFlags: 0
  m_CorrespondingSourceObject: {fileID: 0}
  m_PrefabInstance: {fileID: 0}
  m_PrefabAsset: {fileID: 0}
  m_GameObject: {fileID: 5413817326537402901}
  m_Mesh: {fileID: 10202, guid: 0000000000000000e000000000000000, type: 0}
--- !u!65 &7478430517149446762
BoxCollider:
  m_ObjectHideFlags: 0
  m_CorrespondingSourceObject: {fileID: 0}
  m_PrefabInstance: {fileID: 0}
  m_PrefabAsset: {fileID: 0}
  m_GameObject: {fileID: 5413817326537402901}
  m_Material: {fileID: 0}
  m_IsTrigger: 0
  m_Enabled: 1
  serializedVersion: 2
  m_Size: {x: 1, y: 1, z: 1}
  m_Center: {x: 0, y: 0, z: 0}
--- !u!23 &1246079181785067387
MeshRenderer:
  m_ObjectHideFlags: 0
  m_CorrespondingSourceObject: {fileID: 0}
  m_PrefabInstance: {fileID: 0}
  m_PrefabAsset: {fileID: 0}
  m_GameObject: {fileID: 5413817326537402901}
  m_Enabled: 1
  m_CastShadows: 1
  m_ReceiveShadows: 1
  m_DynamicOccludee: 1
  m_MotionVectors: 1
  m_LightProbeUsage: 1
  m_ReflectionProbeUsage: 1
  m_RayTracingMode: 2
  m_RayTraceProcedural: 0
  m_RenderingLayerMask: 1
  m_RendererPriority: 0
  m_Materials:
  - {fileID: 10303, guid: 0000000000000000f000000000000000, type: 0}
  m_StaticBatchInfo:
    firstSubMesh: 0
    subMeshCount: 0
  m_StaticBatchRoot: {fileID: 0}
  m_ProbeAnchor: {fileID: 0}
  m_LightProbeVolumeOverride: {fileID: 0}
  m_ScaleInLightmap: 1
  m_ReceiveGI: 1
  m_PreserveUVs: 1
  m_IgnoreNormalsForChartDetection: 0
  m_ImportantGI: 0
  m_StitchLightmapSeams: 1
  m_SelectedEditorRenderState: 3
  m_MinimumChartSize: 4
  m_AutoUVMaxDistance: 0.5
  m_AutoUVMaxAngle: 89
  m_LightmapParameters: {fileID: 0}
  m_SortingLayerID: 0
  m_SortingLayer: 0
  m_SortingOrder: 0
  m_AdditionalVertexStreams: {fileID: 0}
--- !u!1 &5699394393803369718
GameObject:
  m_ObjectHideFlags: 0
  m_CorrespondingSourceObject: {fileID: 0}
  m_PrefabInstance: {fileID: 0}
  m_PrefabAsset: {fileID: 0}
  serializedVersion: 6
  m_Component:
  - component: {fileID: 4124782300622062987}
  - component: {fileID: 8176376792349648538}
  - component: {fileID: 1843322498491177839}
  - component: {fileID: 8816935067574860061}
  m_Layer: 0
  m_Name: Geometry
  m_TagString: Untagged
  m_Icon: {fileID: 0}
  m_NavMeshLayer: 0
  m_StaticEditorFlags: 0
  m_IsActive: 1
--- !u!4 &4124782300622062987
Transform:
  m_ObjectHideFlags: 0
  m_CorrespondingSourceObject: {fileID: 0}
  m_PrefabInstance: {fileID: 0}
  m_PrefabAsset: {fileID: 0}
  m_GameObject: {fileID: 5699394393803369718}
  m_LocalRotation: {x: 0, y: 0, z: 0, w: 1}
  m_LocalPosition: {x: 0, y: 0, z: 0}
  m_LocalScale: {x: 0.1, y: 0.1, z: 0.1}
  m_Children: []
  m_Father: {fileID: 3684663566237473837}
  m_RootOrder: 0
  m_LocalEulerAnglesHint: {x: 0, y: 0, z: 0}
--- !u!33 &8176376792349648538
MeshFilter:
  m_ObjectHideFlags: 0
  m_CorrespondingSourceObject: {fileID: 0}
  m_PrefabInstance: {fileID: 0}
  m_PrefabAsset: {fileID: 0}
  m_GameObject: {fileID: 5699394393803369718}
  m_Mesh: {fileID: 10202, guid: 0000000000000000e000000000000000, type: 0}
--- !u!65 &1843322498491177839
BoxCollider:
  m_ObjectHideFlags: 0
  m_CorrespondingSourceObject: {fileID: 0}
  m_PrefabInstance: {fileID: 0}
  m_PrefabAsset: {fileID: 0}
  m_GameObject: {fileID: 5699394393803369718}
  m_Material: {fileID: 0}
  m_IsTrigger: 0
  m_Enabled: 1
  serializedVersion: 2
  m_Size: {x: 1, y: 1, z: 1}
  m_Center: {x: 0, y: 0, z: 0}
--- !u!23 &8816935067574860061
MeshRenderer:
  m_ObjectHideFlags: 0
  m_CorrespondingSourceObject: {fileID: 0}
  m_PrefabInstance: {fileID: 0}
  m_PrefabAsset: {fileID: 0}
  m_GameObject: {fileID: 5699394393803369718}
  m_Enabled: 1
  m_CastShadows: 1
  m_ReceiveShadows: 1
  m_DynamicOccludee: 1
  m_MotionVectors: 1
  m_LightProbeUsage: 1
  m_ReflectionProbeUsage: 1
  m_RayTracingMode: 2
  m_RayTraceProcedural: 0
  m_RenderingLayerMask: 1
  m_RendererPriority: 0
  m_Materials:
  - {fileID: 10303, guid: 0000000000000000f000000000000000, type: 0}
  m_StaticBatchInfo:
    firstSubMesh: 0
    subMeshCount: 0
  m_StaticBatchRoot: {fileID: 0}
  m_ProbeAnchor: {fileID: 0}
  m_LightProbeVolumeOverride: {fileID: 0}
  m_ScaleInLightmap: 1
  m_ReceiveGI: 1
  m_PreserveUVs: 1
  m_IgnoreNormalsForChartDetection: 0
  m_ImportantGI: 0
  m_StitchLightmapSeams: 1
  m_SelectedEditorRenderState: 3
  m_MinimumChartSize: 4
  m_AutoUVMaxDistance: 0.5
  m_AutoUVMaxAngle: 89
  m_LightmapParameters: {fileID: 0}
  m_SortingLayerID: 0
  m_SortingLayer: 0
  m_SortingOrder: 0
  m_AdditionalVertexStreams: {fileID: 0}
--- !u!1 &5936648468597047056
GameObject:
  m_ObjectHideFlags: 0
  m_CorrespondingSourceObject: {fileID: 0}
  m_PrefabInstance: {fileID: 0}
  m_PrefabAsset: {fileID: 0}
  serializedVersion: 6
  m_Component:
  - component: {fileID: 5884157584828183132}
  - component: {fileID: 2089933412852268178}
  - component: {fileID: 2389864997592321958}
  - component: {fileID: 1359184592}
  m_Layer: 0
  m_Name: Left Hand
  m_TagString: Untagged
  m_Icon: {fileID: 0}
  m_NavMeshLayer: 0
  m_StaticEditorFlags: 0
  m_IsActive: 1
--- !u!4 &5884157584828183132
Transform:
  m_ObjectHideFlags: 0
  m_CorrespondingSourceObject: {fileID: 0}
  m_PrefabInstance: {fileID: 0}
  m_PrefabAsset: {fileID: 0}
  m_GameObject: {fileID: 5936648468597047056}
  m_LocalRotation: {x: 0, y: 0, z: 0, w: 1}
  m_LocalPosition: {x: 0, y: 0, z: 0}
  m_LocalScale: {x: 1, y: 1, z: 1}
  m_Children:
  - {fileID: 4845793447603014857}
  m_Father: {fileID: 8507684985427177318}
  m_RootOrder: 1
  m_LocalEulerAnglesHint: {x: 0, y: 0, z: 0}
--- !u!114 &2089933412852268178
MonoBehaviour:
  m_ObjectHideFlags: 0
  m_CorrespondingSourceObject: {fileID: 0}
  m_PrefabInstance: {fileID: 0}
  m_PrefabAsset: {fileID: 0}
  m_GameObject: {fileID: 5936648468597047056}
  m_Enabled: 1
  m_EditorHideFlags: 0
  m_Script: {fileID: -363599832, guid: c424820a8880b8845bda10ec0b41507e, type: 3}
  m_Name: 
  m_EditorClassIdentifier: 
  _realtime: {fileID: 0}
  _sceneViewUUID: 
  _viewUUID: 
  _sceneViewPreventOwnershipTakeover: 0
  _sceneViewDestroyWhenOwnerOrLastClientLeaves: 1
  _isRootPrefabView: 0
  _components:
  - componentID: 1
    component: {fileID: 2389864997592321958}
  _childViews: []
--- !u!114 &2389864997592321958
MonoBehaviour:
  m_ObjectHideFlags: 0
  m_CorrespondingSourceObject: {fileID: 0}
  m_PrefabInstance: {fileID: 0}
  m_PrefabAsset: {fileID: 0}
  m_GameObject: {fileID: 5936648468597047056}
  m_Enabled: 1
  m_EditorHideFlags: 0
  m_Script: {fileID: -1029778088, guid: c424820a8880b8845bda10ec0b41507e, type: 3}
  m_Name: 
  m_EditorClassIdentifier: 
  _interpolate: 1
  _syncPosition: 1
  _syncRotation: 1
  _syncScale: 0
  _syncVelocity: 1
  _maintainOwnershipWhileSleeping: 0
--- !u!114 &1359184592
MonoBehaviour:
  m_ObjectHideFlags: 0
  m_CorrespondingSourceObject: {fileID: 0}
  m_PrefabInstance: {fileID: 0}
  m_PrefabAsset: {fileID: 0}
  m_GameObject: {fileID: 5936648468597047056}
  m_Enabled: 1
  m_EditorHideFlags: 0
  m_Script: {fileID: 11500000, guid: 5a2a9c34df4095f47b9ca8f975175f5b, type: 3}
  m_Name: 
  m_EditorClassIdentifier: 
  m_Device: 1
  m_PoseSource: 4
  m_PoseProviderComponent: {fileID: 0}
  m_TrackingType: 0
  m_UpdateType: 0
  m_UseRelativeTransform: 0
--- !u!1 &6654727114687605882
GameObject:
  m_ObjectHideFlags: 0
  m_CorrespondingSourceObject: {fileID: 0}
  m_PrefabInstance: {fileID: 0}
  m_PrefabAsset: {fileID: 0}
  serializedVersion: 6
  m_Component:
  - component: {fileID: 8507684985427177318}
  - component: {fileID: 2856257970529022287}
  - component: {fileID: 4961913640039805256}
  - component: {fileID: 3213429097073832104}
  - component: {fileID: 165465890}
  - component: {fileID: 165465891}
  m_Layer: 0
  m_Name: RealtimeAvatar
  m_TagString: Untagged
  m_Icon: {fileID: 0}
  m_NavMeshLayer: 0
  m_StaticEditorFlags: 0
  m_IsActive: 1
--- !u!4 &8507684985427177318
Transform:
  m_ObjectHideFlags: 0
  m_CorrespondingSourceObject: {fileID: 0}
  m_PrefabInstance: {fileID: 0}
  m_PrefabAsset: {fileID: 0}
  m_GameObject: {fileID: 6654727114687605882}
  m_LocalRotation: {x: 0, y: 0, z: 0, w: 1}
  m_LocalPosition: {x: -0.90885687, y: 3.5910978, z: -4.106129}
  m_LocalScale: {x: 1, y: 1, z: 1}
  m_Children:
  - {fileID: 4577090502814816487}
  - {fileID: 5884157584828183132}
  - {fileID: 3684663566237473837}
  m_Father: {fileID: 0}
  m_RootOrder: 0
  m_LocalEulerAnglesHint: {x: 0, y: 0, z: 0}
--- !u!114 &2856257970529022287
MonoBehaviour:
  m_ObjectHideFlags: 0
  m_CorrespondingSourceObject: {fileID: 0}
  m_PrefabInstance: {fileID: 0}
  m_PrefabAsset: {fileID: 0}
  m_GameObject: {fileID: 6654727114687605882}
  m_Enabled: 1
  m_EditorHideFlags: 0
  m_Script: {fileID: -363599832, guid: c424820a8880b8845bda10ec0b41507e, type: 3}
  m_Name: 
  m_EditorClassIdentifier: 
  _realtime: {fileID: 0}
  _sceneViewUUID: 
  _viewUUID: 
  _sceneViewPreventOwnershipTakeover: 0
  _sceneViewDestroyWhenOwnerOrLastClientLeaves: 1
  _isRootPrefabView: 1
  _components:
  - componentID: 1
    component: {fileID: 4961913640039805256}
  - componentID: 2
    component: {fileID: 3213429097073832104}
  _childViews:
  - viewID: 1
    view: {fileID: 5183359762019207416}
  - viewID: 2
    view: {fileID: 2089933412852268178}
  - viewID: 3
    view: {fileID: 6050844456658310674}
--- !u!114 &4961913640039805256
MonoBehaviour:
  m_ObjectHideFlags: 0
  m_CorrespondingSourceObject: {fileID: 0}
  m_PrefabInstance: {fileID: 0}
  m_PrefabAsset: {fileID: 0}
  m_GameObject: {fileID: 6654727114687605882}
  m_Enabled: 1
  m_EditorHideFlags: 0
  m_Script: {fileID: 11500000, guid: 08dff4fb3b027234c8a2562e96aa0846, type: 3}
  m_Name: 
  m_EditorClassIdentifier: 
  _head: {fileID: 4577090502814816487}
  _leftHand: {fileID: 5884157584828183132}
  _rightHand: {fileID: 3684663566237473837}
--- !u!114 &3213429097073832104
MonoBehaviour:
  m_ObjectHideFlags: 0
  m_CorrespondingSourceObject: {fileID: 0}
  m_PrefabInstance: {fileID: 0}
  m_PrefabAsset: {fileID: 0}
  m_GameObject: {fileID: 6654727114687605882}
  m_Enabled: 1
  m_EditorHideFlags: 0
  m_Script: {fileID: -1029778088, guid: c424820a8880b8845bda10ec0b41507e, type: 3}
  m_Name: 
  m_EditorClassIdentifier: 
  _interpolate: 1
  _syncPosition: 1
  _syncRotation: 1
  _syncScale: 1
  _syncVelocity: 1
  _maintainOwnershipWhileSleeping: 0
--- !u!114 &165465890
MonoBehaviour:
  m_ObjectHideFlags: 0
  m_CorrespondingSourceObject: {fileID: 0}
  m_PrefabInstance: {fileID: 0}
  m_PrefabAsset: {fileID: 0}
  m_GameObject: {fileID: 6654727114687605882}
  m_Enabled: 1
  m_EditorHideFlags: 0
  m_Script: {fileID: 11500000, guid: 34c0cb8bdc24787439e43b7f145ac31c, type: 3}
  m_Name: 
  m_EditorClassIdentifier: 
  playArea: {fileID: 6654727114687605882}
  headset: {fileID: 2816631784468851892}
  headsetCamera: {fileID: 755159558}
  headsetVelocityTracker: {fileID: 0}
  supplementHeadsetCameras: {fileID: 0}
  leftController: {fileID: 5936648468597047056}
  leftControllerVelocityTracker: {fileID: 0}
  leftControllerHapticProcess: {fileID: 0}
  leftControllerHapticProfiles: {fileID: 0}
  rightController: {fileID: 5069500611747666405}
  rightControllerVelocityTracker: {fileID: 0}
  rightControllerHapticProcess: {fileID: 0}
  rightControllerHapticProfiles: {fileID: 0}
--- !u!114 &165465891
MonoBehaviour:
  m_ObjectHideFlags: 0
  m_CorrespondingSourceObject: {fileID: 0}
  m_PrefabInstance: {fileID: 0}
  m_PrefabAsset: {fileID: 0}
  m_GameObject: {fileID: 6654727114687605882}
  m_Enabled: 1
  m_EditorHideFlags: 0
  m_Script: {fileID: 11500000, guid: b83671911d5e47d4aa6ca195bbb00a57, type: 3}
  m_Name: 
  m_EditorClassIdentifier: 
  trackingSpaceType: 1
  lockPhysicsUpdateRateToRenderFrequency: 1
