%YAML 1.1
%TAG !u! tag:unity3d.com,2011:
--- !u!1 &1855060331640675462
GameObject:
  m_ObjectHideFlags: 0
  m_CorrespondingSourceObject: {fileID: 0}
  m_PrefabInstance: {fileID: 0}
  m_PrefabAsset: {fileID: 0}
  serializedVersion: 6
  m_Component:
  - component: {fileID: 149432768542302175}
  - component: {fileID: 8697053755483013181}
  - component: {fileID: 622959122215705043}
  - component: {fileID: 1004389129454823462}
  - component: {fileID: 6926821484986740264}
  - component: {fileID: 1855060331640675460}
  - component: {fileID: 1855060331640675461}
  - component: {fileID: 1855060331640675483}
  m_Layer: 0
  m_Name: GrabbableObject
  m_TagString: Untagged
  m_Icon: {fileID: 0}
  m_NavMeshLayer: 0
  m_StaticEditorFlags: 0
  m_IsActive: 1
--- !u!4 &149432768542302175
Transform:
  m_ObjectHideFlags: 0
  m_CorrespondingSourceObject: {fileID: 0}
  m_PrefabInstance: {fileID: 0}
  m_PrefabAsset: {fileID: 0}
  m_GameObject: {fileID: 1855060331640675462}
  m_LocalRotation: {x: 0, y: 0, z: 0, w: 1}
  m_LocalPosition: {x: 0, y: 0, z: 0.45}
  m_LocalScale: {x: 1, y: 1, z: 1}
  m_Children:
  - {fileID: 7064460894569562395}
  - {fileID: 5502866507740392144}
  m_Father: {fileID: 0}
  m_RootOrder: 0
  m_LocalEulerAnglesHint: {x: 0, y: 0, z: 0}
--- !u!114 &8697053755483013181
MonoBehaviour:
  m_ObjectHideFlags: 0
  m_CorrespondingSourceObject: {fileID: 0}
  m_PrefabInstance: {fileID: 0}
  m_PrefabAsset: {fileID: 0}
  m_GameObject: {fileID: 1855060331640675462}
  m_Enabled: 1
  m_EditorHideFlags: 0
  m_Script: {fileID: 11500000, guid: 906c6376972e44f469330df394172abd, type: 3}
  m_Name: 
  m_EditorClassIdentifier: 
  configuration: {fileID: 3375927936383747235}
  validInteractionTypes: -1
  FirstTouched:
    m_PersistentCalls:
      m_Calls: []
  Touched:
    m_PersistentCalls:
      m_Calls: []
  Untouched:
    m_PersistentCalls:
      m_Calls: []
  LastUntouched:
    m_PersistentCalls:
      m_Calls: []
  FirstGrabbed:
    m_PersistentCalls:
      m_Calls: []
  Grabbed:
    m_PersistentCalls:
      m_Calls:
      - m_Target: {fileID: 1855060331640675483}
        m_TargetAssemblyTypeName: GrabbableItem, Assembly-CSharp
        m_MethodName: Grabbed
        m_Mode: 1
        m_Arguments:
          m_ObjectArgument: {fileID: 0}
          m_ObjectArgumentAssemblyTypeName: UnityEngine.Object, UnityEngine
          m_IntArgument: 0
          m_FloatArgument: 0
          m_StringArgument: 
          m_BoolArgument: 0
        m_CallState: 2
  Ungrabbed:
    m_PersistentCalls:
      m_Calls:
      - m_Target: {fileID: 1855060331640675483}
        m_TargetAssemblyTypeName: GrabbableItem, Assembly-CSharp
        m_MethodName: Dropped
        m_Mode: 1
        m_Arguments:
          m_ObjectArgument: {fileID: 0}
          m_ObjectArgumentAssemblyTypeName: UnityEngine.Object, UnityEngine
          m_IntArgument: 0
          m_FloatArgument: 0
          m_StringArgument: 
          m_BoolArgument: 0
        m_CallState: 2
  LastUngrabbed:
    m_PersistentCalls:
      m_Calls: []
  grabType: 0
  grabProviderIndex: 0
--- !u!54 &622959122215705043
Rigidbody:
  m_ObjectHideFlags: 0
  m_CorrespondingSourceObject: {fileID: 0}
  m_PrefabInstance: {fileID: 0}
  m_PrefabAsset: {fileID: 0}
  m_GameObject: {fileID: 1855060331640675462}
  serializedVersion: 2
  m_Mass: 1
  m_Drag: 0
  m_AngularDrag: 0.05
  m_UseGravity: 1
  m_IsKinematic: 0
  m_Interpolate: 0
  m_Constraints: 0
  m_CollisionDetection: 0
--- !u!114 &1004389129454823462
MonoBehaviour:
  m_ObjectHideFlags: 0
  m_CorrespondingSourceObject: {fileID: 0}
  m_PrefabInstance: {fileID: 0}
  m_PrefabAsset: {fileID: 0}
  m_GameObject: {fileID: 1855060331640675462}
  m_Enabled: 1
  m_EditorHideFlags: 0
  m_Script: {fileID: 11500000, guid: 14da97d13e74468592c215d698d0850f, type: 3}
  m_Name: 
  m_EditorClassIdentifier: 
  emittedTypes: -1
  statesToProcess: -1
  forwardingSourceValidity:
    field: {fileID: 0}
  CollisionStarted:
    m_PersistentCalls:
      m_Calls:
      - m_Target: {fileID: 7285539885997509273}
        m_TargetAssemblyTypeName: 
        m_MethodName: DoExtract
        m_Mode: 0
        m_Arguments:
          m_ObjectArgument: {fileID: 0}
          m_ObjectArgumentAssemblyTypeName: UnityEngine.Object, UnityEngine
          m_IntArgument: 0
          m_FloatArgument: 0
          m_StringArgument: 
          m_BoolArgument: 0
        m_CallState: 2
  CollisionChanged:
    m_PersistentCalls:
      m_Calls: []
  CollisionStopped:
    m_PersistentCalls:
      m_Calls:
      - m_Target: {fileID: 5543573695152553284}
        m_TargetAssemblyTypeName: 
        m_MethodName: DoExtract
        m_Mode: 0
        m_Arguments:
          m_ObjectArgument: {fileID: 0}
          m_ObjectArgumentAssemblyTypeName: UnityEngine.Object, UnityEngine
          m_IntArgument: 0
          m_FloatArgument: 0
          m_StringArgument: 
          m_BoolArgument: 0
        m_CallState: 2
--- !u!114 &6926821484986740264
MonoBehaviour:
  m_ObjectHideFlags: 0
  m_CorrespondingSourceObject: {fileID: 0}
  m_PrefabInstance: {fileID: 0}
  m_PrefabAsset: {fileID: 0}
  m_GameObject: {fileID: 1855060331640675462}
  m_Enabled: 1
  m_EditorHideFlags: 0
  m_Script: {fileID: 11500000, guid: bf9ad9d812ac2524889189d3bdbc69d1, type: 3}
  m_Name: 
  m_EditorClassIdentifier: 
--- !u!114 &1855060331640675460
MonoBehaviour:
  m_ObjectHideFlags: 0
  m_CorrespondingSourceObject: {fileID: 0}
  m_PrefabInstance: {fileID: 0}
  m_PrefabAsset: {fileID: 0}
  m_GameObject: {fileID: 1855060331640675462}
  m_Enabled: 1
  m_EditorHideFlags: 0
  m_Script: {fileID: -363599832, guid: c424820a8880b8845bda10ec0b41507e, type: 3}
  m_Name: 
  m_EditorClassIdentifier: 
  _realtime: {fileID: 0}
  _sceneViewUUID: 
  _viewUUID: 
  _sceneViewPreventOwnershipTakeover: 0
  _sceneViewDestroyWhenOwnerOrLastClientLeaves: 1
  _isRootPrefabView: 1
  _components:
  - componentID: 2
    component: {fileID: 1855060331640675461}
  _childViews: []
--- !u!114 &1855060331640675461
MonoBehaviour:
  m_ObjectHideFlags: 0
  m_CorrespondingSourceObject: {fileID: 0}
  m_PrefabInstance: {fileID: 0}
  m_PrefabAsset: {fileID: 0}
  m_GameObject: {fileID: 1855060331640675462}
  m_Enabled: 1
  m_EditorHideFlags: 0
  m_Script: {fileID: -1029778088, guid: c424820a8880b8845bda10ec0b41507e, type: 3}
  m_Name: 
  m_EditorClassIdentifier: 
  _interpolate: 1
  _syncPosition: 1
  _syncRotation: 1
  _syncScale: 1
  _syncVelocity: 1
  _maintainOwnershipWhileSleeping: 0
--- !u!114 &1855060331640675483
MonoBehaviour:
  m_ObjectHideFlags: 0
  m_CorrespondingSourceObject: {fileID: 0}
  m_PrefabInstance: {fileID: 0}
  m_PrefabAsset: {fileID: 0}
  m_GameObject: {fileID: 1855060331640675462}
  m_Enabled: 1
  m_EditorHideFlags: 0
  m_Script: {fileID: 11500000, guid: 8633fa70533bd0049aa26f5eff3af375, type: 3}
  m_Name: 
  m_EditorClassIdentifier: 
--- !u!1 &2788375503211227404
GameObject:
  m_ObjectHideFlags: 0
  m_CorrespondingSourceObject: {fileID: 0}
  m_PrefabInstance: {fileID: 0}
  m_PrefabAsset: {fileID: 0}
  serializedVersion: 6
  m_Component:
  - component: {fileID: 2788375503211227399}
  - component: {fileID: 2788375503211227392}
  - component: {fileID: 2788375503211227393}
  - component: {fileID: 2788375503211227394}
  m_Layer: 0
  m_Name: Sphere
  m_TagString: Untagged
  m_Icon: {fileID: 0}
  m_NavMeshLayer: 0
  m_StaticEditorFlags: 0
  m_IsActive: 1
--- !u!4 &2788375503211227399
Transform:
  m_ObjectHideFlags: 0
  m_CorrespondingSourceObject: {fileID: 0}
  m_PrefabInstance: {fileID: 0}
  m_PrefabAsset: {fileID: 0}
  m_GameObject: {fileID: 2788375503211227404}
  m_LocalRotation: {x: -0, y: -0, z: -0, w: 1}
  m_LocalPosition: {x: 0, y: 0, z: 0}
  m_LocalScale: {x: 0.125, y: 0.125, z: 0.125}
  m_Children: []
  m_Father: {fileID: 7064460894569562395}
  m_RootOrder: 0
  m_LocalEulerAnglesHint: {x: 0, y: 0, z: 0}
--- !u!33 &2788375503211227392
MeshFilter:
  m_ObjectHideFlags: 0
  m_CorrespondingSourceObject: {fileID: 0}
  m_PrefabInstance: {fileID: 0}
  m_PrefabAsset: {fileID: 0}
  m_GameObject: {fileID: 2788375503211227404}
  m_Mesh: {fileID: 10207, guid: 0000000000000000e000000000000000, type: 0}
--- !u!23 &2788375503211227393
MeshRenderer:
  m_ObjectHideFlags: 0
  m_CorrespondingSourceObject: {fileID: 0}
  m_PrefabInstance: {fileID: 0}
  m_PrefabAsset: {fileID: 0}
  m_GameObject: {fileID: 2788375503211227404}
  m_Enabled: 1
  m_CastShadows: 1
  m_ReceiveShadows: 1
  m_DynamicOccludee: 1
  m_MotionVectors: 1
  m_LightProbeUsage: 1
  m_ReflectionProbeUsage: 1
  m_RayTracingMode: 2
  m_RayTraceProcedural: 0
  m_RenderingLayerMask: 1
  m_RendererPriority: 0
  m_Materials:
  - {fileID: 10303, guid: 0000000000000000f000000000000000, type: 0}
  m_StaticBatchInfo:
    firstSubMesh: 0
    subMeshCount: 0
  m_StaticBatchRoot: {fileID: 0}
  m_ProbeAnchor: {fileID: 0}
  m_LightProbeVolumeOverride: {fileID: 0}
  m_ScaleInLightmap: 1
  m_ReceiveGI: 1
  m_PreserveUVs: 0
  m_IgnoreNormalsForChartDetection: 0
  m_ImportantGI: 0
  m_StitchLightmapSeams: 1
  m_SelectedEditorRenderState: 3
  m_MinimumChartSize: 4
  m_AutoUVMaxDistance: 0.5
  m_AutoUVMaxAngle: 89
  m_LightmapParameters: {fileID: 0}
  m_SortingLayerID: 0
  m_SortingLayer: 0
  m_SortingOrder: 0
  m_AdditionalVertexStreams: {fileID: 0}
--- !u!135 &2788375503211227394
SphereCollider:
  m_ObjectHideFlags: 0
  m_CorrespondingSourceObject: {fileID: 0}
  m_PrefabInstance: {fileID: 0}
  m_PrefabAsset: {fileID: 0}
  m_GameObject: {fileID: 2788375503211227404}
  m_Material: {fileID: 0}
  m_IsTrigger: 0
  m_Enabled: 1
  serializedVersion: 2
  m_Radius: 0.5
  m_Center: {x: 0, y: 0, z: 0}
--- !u!1 &4122198738453120697
GameObject:
  m_ObjectHideFlags: 0
  m_CorrespondingSourceObject: {fileID: 0}
  m_PrefabInstance: {fileID: 0}
  m_PrefabAsset: {fileID: 0}
  serializedVersion: 6
  m_Component:
  - component: {fileID: 4130617819005143396}
  - component: {fileID: 625946413484742915}
  m_Layer: 0
  m_Name: ActionContainer
  m_TagString: Untagged
  m_Icon: {fileID: 0}
  m_NavMeshLayer: 0
  m_StaticEditorFlags: 0
  m_IsActive: 1
--- !u!4 &4130617819005143396
Transform:
  m_ObjectHideFlags: 0
  m_CorrespondingSourceObject: {fileID: 0}
  m_PrefabInstance: {fileID: 0}
  m_PrefabAsset: {fileID: 0}
  m_GameObject: {fileID: 4122198738453120697}
  m_LocalRotation: {x: 0, y: 0, z: 0, w: 1}
  m_LocalPosition: {x: 0, y: 0, z: 0}
  m_LocalScale: {x: 1, y: 1, z: 1}
  m_Children:
  - {fileID: 79753615138582681}
  - {fileID: 4077394266054868926}
  m_Father: {fileID: 1040378690672474706}
  m_RootOrder: 3
  m_LocalEulerAnglesHint: {x: 0, y: 0, z: 0}
--- !u!114 &625946413484742915
MonoBehaviour:
  m_ObjectHideFlags: 0
  m_CorrespondingSourceObject: {fileID: 0}
  m_PrefabInstance: {fileID: 0}
  m_PrefabAsset: {fileID: 0}
  m_GameObject: {fileID: 4122198738453120697}
  m_Enabled: 1
  m_EditorHideFlags: 0
  m_Script: {fileID: 11500000, guid: 7102cedb00f74625a1cdaa822e5661f5, type: 3}
  m_Name: 
  m_EditorClassIdentifier: 
  Found:
    m_PersistentCalls:
      m_Calls: []
  NotFound:
    m_PersistentCalls:
      m_Calls: []
  IsEmpty:
    m_PersistentCalls:
      m_Calls: []
  IsPopulated:
    m_PersistentCalls:
      m_Calls: []
  Populated:
    m_PersistentCalls:
      m_Calls: []
  Added:
    m_PersistentCalls:
      m_Calls:
      - m_Target: {fileID: 1855060331640675462}
        m_TargetAssemblyTypeName: 
        m_MethodName: 
        m_Mode: 1
        m_Arguments:
          m_ObjectArgument: {fileID: 0}
          m_ObjectArgumentAssemblyTypeName: 
          m_IntArgument: 0
          m_FloatArgument: 0
          m_StringArgument: 
          m_BoolArgument: 0
        m_CallState: 2
  Removed:
    m_PersistentCalls:
      m_Calls: []
  Emptied:
    m_PersistentCalls:
      m_Calls: []
  currentIndex: 0
  elements:
  - {fileID: 2708583508217938769, guid: 5d05f26602acfb64888d09e3ef8c1186, type: 3}
  - {fileID: 5701689818747509894, guid: 702caa48c730e92469a1c5144fd8ed46, type: 3}
  - {fileID: 5976216758737313083, guid: e31ddf5ca7950534fb66684149b566b0, type: 3}
  - {fileID: 2976029423634337508, guid: ddf9e23c4e73d624bb91f34430b5cd60, type: 3}
  - {fileID: 3947244001677853409, guid: cdc2cc72af5e4b44194f8fd19e6a2def, type: 3}
--- !u!1 &6719960448509401675
GameObject:
  m_ObjectHideFlags: 0
  m_CorrespondingSourceObject: {fileID: 0}
  m_PrefabInstance: {fileID: 0}
  m_PrefabAsset: {fileID: 0}
  serializedVersion: 6
  m_Component:
  - component: {fileID: 1040378690672474706}
  - component: {fileID: 4682000403531999959}
  m_Layer: 0
  m_Name: GrabLogic
  m_TagString: Untagged
  m_Icon: {fileID: 0}
  m_NavMeshLayer: 0
  m_StaticEditorFlags: 0
  m_IsActive: 1
--- !u!4 &1040378690672474706
Transform:
  m_ObjectHideFlags: 0
  m_CorrespondingSourceObject: {fileID: 0}
  m_PrefabInstance: {fileID: 0}
  m_PrefabAsset: {fileID: 0}
  m_GameObject: {fileID: 6719960448509401675}
  m_LocalRotation: {x: -0, y: -0, z: -0, w: 1}
  m_LocalPosition: {x: 0, y: 0, z: 0}
  m_LocalScale: {x: 1, y: 1, z: 1}
  m_Children:
  - {fileID: 5736025549358723756}
  - {fileID: 4417617298485119383}
  - {fileID: 3320639627979422813}
  - {fileID: 4130617819005143396}
  m_Father: {fileID: 5502866507740392144}
  m_RootOrder: 2
  m_LocalEulerAnglesHint: {x: 0, y: 0, z: 0}
--- !u!114 &4682000403531999959
MonoBehaviour:
  m_ObjectHideFlags: 0
  m_CorrespondingSourceObject: {fileID: 0}
  m_PrefabInstance: {fileID: 0}
  m_PrefabAsset: {fileID: 0}
  m_GameObject: {fileID: 6719960448509401675}
  m_Enabled: 1
  m_EditorHideFlags: 0
  m_Script: {fileID: 11500000, guid: 8314c9a77122ba744ac0a55af02c58b4, type: 3}
  m_Name: 
  m_EditorClassIdentifier: 
  facade: {fileID: 8697053755483013181}
  primaryAction: {fileID: 1494498750346505393}
  secondaryAction: {fileID: 4172387342187822498}
  grabReceiver: {fileID: 4571606070209716903}
  grabProvider: {fileID: 2463937960544037789}
  grabProviderOptions:
  - {fileID: 2463937960544037789}
  - {fileID: 3430974665967458413}
  actionTypes: {fileID: 625946413484742915}
--- !u!1 &7057560677710151875
GameObject:
  m_ObjectHideFlags: 0
  m_CorrespondingSourceObject: {fileID: 0}
  m_PrefabInstance: {fileID: 0}
  m_PrefabAsset: {fileID: 0}
  serializedVersion: 6
  m_Component:
  - component: {fileID: 7064460894569562395}
  m_Layer: 0
  m_Name: MeshContainer
  m_TagString: Untagged
  m_Icon: {fileID: 0}
  m_NavMeshLayer: 0
  m_StaticEditorFlags: 0
  m_IsActive: 1
--- !u!4 &7064460894569562395
Transform:
  m_ObjectHideFlags: 0
  m_CorrespondingSourceObject: {fileID: 0}
  m_PrefabInstance: {fileID: 0}
  m_PrefabAsset: {fileID: 0}
  m_GameObject: {fileID: 7057560677710151875}
  m_LocalRotation: {x: 0, y: 0, z: 0, w: 1}
  m_LocalPosition: {x: 0, y: 0, z: 0}
  m_LocalScale: {x: 1, y: 1, z: 1}
  m_Children:
  - {fileID: 2788375503211227399}
  m_Father: {fileID: 149432768542302175}
  m_RootOrder: 0
  m_LocalEulerAnglesHint: {x: 0, y: 0, z: 0}
--- !u!1 &7245913811345013845
GameObject:
  m_ObjectHideFlags: 0
  m_CorrespondingSourceObject: {fileID: 0}
  m_PrefabInstance: {fileID: 0}
  m_PrefabAsset: {fileID: 0}
  serializedVersion: 6
  m_Component:
  - component: {fileID: 5502866507740392144}
  - component: {fileID: 3375927936383747235}
  m_Layer: 0
  m_Name: Internal
  m_TagString: Untagged
  m_Icon: {fileID: 0}
  m_NavMeshLayer: 0
  m_StaticEditorFlags: 0
  m_IsActive: 1
--- !u!4 &5502866507740392144
Transform:
  m_ObjectHideFlags: 0
  m_CorrespondingSourceObject: {fileID: 0}
  m_PrefabInstance: {fileID: 0}
  m_PrefabAsset: {fileID: 0}
  m_GameObject: {fileID: 7245913811345013845}
  m_LocalRotation: {x: 0, y: 0, z: 0, w: 1}
  m_LocalPosition: {x: 0, y: 0, z: 0}
  m_LocalScale: {x: 1, y: 1, z: 1}
  m_Children:
  - {fileID: 407023028733921075}
  - {fileID: 8700931660167387044}
  - {fileID: 1040378690672474706}
  m_Father: {fileID: 149432768542302175}
  m_RootOrder: 1
  m_LocalEulerAnglesHint: {x: 0, y: 0, z: 0}
--- !u!114 &3375927936383747235
MonoBehaviour:
  m_ObjectHideFlags: 0
  m_CorrespondingSourceObject: {fileID: 0}
  m_PrefabInstance: {fileID: 0}
  m_PrefabAsset: {fileID: 0}
  m_GameObject: {fileID: 7245913811345013845}
  m_Enabled: 1
  m_EditorHideFlags: 0
  m_Script: {fileID: 11500000, guid: ce3b15cbe051e9c40a0a19e1b08ff3c0, type: 3}
  m_Name: 
  m_EditorClassIdentifier: 
  facade: {fileID: 8697053755483013181}
  disallowedTouchInteractors:
    field: {fileID: 8333411745007422576}
  disallowedGrabInteractors:
    field: {fileID: 3346701429774000587}
  consumerContainer: {fileID: 1855060331640675462}
  consumerRigidbody: {fileID: 622959122215705043}
  collisionNotifier: {fileID: 1004389129454823462}
  meshContainer: {fileID: 7057560677710151875}
  activeCollisions: {fileID: 8282508816113554004}
  touchConfiguration: {fileID: 6804728219130470082}
  grabConfiguration: {fileID: 4682000403531999959}
--- !u!1001 &1276358982463921384
PrefabInstance:
  m_ObjectHideFlags: 0
  serializedVersion: 2
  m_Modification:
    m_TransformParent: {fileID: 1040378690672474706}
    m_Modifications:
    - target: {fileID: 2177753939504016596, guid: c72a79d4e6496ce4a8d8eff370fb614e,
        type: 3}
      propertyPath: receiveValidity.field
      value: 
      objectReference: {fileID: 3346701429774000587}
    - target: {fileID: 6786077343534509636, guid: c72a79d4e6496ce4a8d8eff370fb614e,
        type: 3}
      propertyPath: m_RootOrder
      value: 0
      objectReference: {fileID: 0}
    - target: {fileID: 6786077343534509636, guid: c72a79d4e6496ce4a8d8eff370fb614e,
        type: 3}
      propertyPath: m_LocalPosition.x
      value: 0
      objectReference: {fileID: 0}
    - target: {fileID: 6786077343534509636, guid: c72a79d4e6496ce4a8d8eff370fb614e,
        type: 3}
      propertyPath: m_LocalPosition.y
      value: 0
      objectReference: {fileID: 0}
    - target: {fileID: 6786077343534509636, guid: c72a79d4e6496ce4a8d8eff370fb614e,
        type: 3}
      propertyPath: m_LocalPosition.z
      value: 0
      objectReference: {fileID: 0}
    - target: {fileID: 6786077343534509636, guid: c72a79d4e6496ce4a8d8eff370fb614e,
        type: 3}
      propertyPath: m_LocalRotation.w
      value: 1
      objectReference: {fileID: 0}
    - target: {fileID: 6786077343534509636, guid: c72a79d4e6496ce4a8d8eff370fb614e,
        type: 3}
      propertyPath: m_LocalRotation.x
      value: 0
      objectReference: {fileID: 0}
    - target: {fileID: 6786077343534509636, guid: c72a79d4e6496ce4a8d8eff370fb614e,
        type: 3}
      propertyPath: m_LocalRotation.y
      value: 0
      objectReference: {fileID: 0}
    - target: {fileID: 6786077343534509636, guid: c72a79d4e6496ce4a8d8eff370fb614e,
        type: 3}
      propertyPath: m_LocalRotation.z
      value: 0
      objectReference: {fileID: 0}
    - target: {fileID: 6786077343534509636, guid: c72a79d4e6496ce4a8d8eff370fb614e,
        type: 3}
      propertyPath: m_LocalEulerAnglesHint.x
      value: 0
      objectReference: {fileID: 0}
    - target: {fileID: 6786077343534509636, guid: c72a79d4e6496ce4a8d8eff370fb614e,
        type: 3}
      propertyPath: m_LocalEulerAnglesHint.y
      value: 0
      objectReference: {fileID: 0}
    - target: {fileID: 6786077343534509636, guid: c72a79d4e6496ce4a8d8eff370fb614e,
        type: 3}
      propertyPath: m_LocalEulerAnglesHint.z
      value: 0
      objectReference: {fileID: 0}
    - target: {fileID: 6786077343534509639, guid: c72a79d4e6496ce4a8d8eff370fb614e,
        type: 3}
      propertyPath: m_Name
      value: Interactable.GrabReceiver
      objectReference: {fileID: 0}
    m_RemovedComponents: []
  m_SourcePrefab: {fileID: 100100000, guid: c72a79d4e6496ce4a8d8eff370fb614e, type: 3}
--- !u!114 &4571606070209716903 stripped
MonoBehaviour:
  m_CorrespondingSourceObject: {fileID: 3370683482093829711, guid: c72a79d4e6496ce4a8d8eff370fb614e,
    type: 3}
  m_PrefabInstance: {fileID: 1276358982463921384}
  m_PrefabAsset: {fileID: 0}
  m_GameObject: {fileID: 0}
  m_Enabled: 1
  m_EditorHideFlags: 0
  m_Script: {fileID: 11500000, guid: 4013e20688e192747ae18baff553ede7, type: 3}
  m_Name: 
  m_EditorClassIdentifier: 
--- !u!4 &5736025549358723756 stripped
Transform:
  m_CorrespondingSourceObject: {fileID: 6786077343534509636, guid: c72a79d4e6496ce4a8d8eff370fb614e,
    type: 3}
  m_PrefabInstance: {fileID: 1276358982463921384}
  m_PrefabAsset: {fileID: 0}
--- !u!1001 &1707994063888378098
PrefabInstance:
  m_ObjectHideFlags: 0
  serializedVersion: 2
  m_Modification:
    m_TransformParent: {fileID: 1040378690672474706}
    m_Modifications:
    - target: {fileID: 4152683519229203631, guid: 2a2d88badc746894c98a6a0c451c1b77,
        type: 3}
      propertyPath: m_RootOrder
      value: 2
      objectReference: {fileID: 0}
    - target: {fileID: 4152683519229203631, guid: 2a2d88badc746894c98a6a0c451c1b77,
        type: 3}
      propertyPath: m_LocalPosition.x
      value: 0
      objectReference: {fileID: 0}
    - target: {fileID: 4152683519229203631, guid: 2a2d88badc746894c98a6a0c451c1b77,
        type: 3}
      propertyPath: m_LocalPosition.y
      value: 0
      objectReference: {fileID: 0}
    - target: {fileID: 4152683519229203631, guid: 2a2d88badc746894c98a6a0c451c1b77,
        type: 3}
      propertyPath: m_LocalPosition.z
      value: 0
      objectReference: {fileID: 0}
    - target: {fileID: 4152683519229203631, guid: 2a2d88badc746894c98a6a0c451c1b77,
        type: 3}
      propertyPath: m_LocalRotation.w
      value: 1
      objectReference: {fileID: 0}
    - target: {fileID: 4152683519229203631, guid: 2a2d88badc746894c98a6a0c451c1b77,
        type: 3}
      propertyPath: m_LocalRotation.x
      value: 0
      objectReference: {fileID: 0}
    - target: {fileID: 4152683519229203631, guid: 2a2d88badc746894c98a6a0c451c1b77,
        type: 3}
      propertyPath: m_LocalRotation.y
      value: 0
      objectReference: {fileID: 0}
    - target: {fileID: 4152683519229203631, guid: 2a2d88badc746894c98a6a0c451c1b77,
        type: 3}
      propertyPath: m_LocalRotation.z
      value: 0
      objectReference: {fileID: 0}
    - target: {fileID: 4152683519229203631, guid: 2a2d88badc746894c98a6a0c451c1b77,
        type: 3}
      propertyPath: m_LocalEulerAnglesHint.x
      value: 0
      objectReference: {fileID: 0}
    - target: {fileID: 4152683519229203631, guid: 2a2d88badc746894c98a6a0c451c1b77,
        type: 3}
      propertyPath: m_LocalEulerAnglesHint.y
      value: 0
      objectReference: {fileID: 0}
    - target: {fileID: 4152683519229203631, guid: 2a2d88badc746894c98a6a0c451c1b77,
        type: 3}
      propertyPath: m_LocalEulerAnglesHint.z
      value: 0
      objectReference: {fileID: 0}
    - target: {fileID: 8745344863494772342, guid: 2a2d88badc746894c98a6a0c451c1b77,
        type: 3}
      propertyPath: m_Name
      value: Interactable.GrabEvent.Set
      objectReference: {fileID: 0}
    m_RemovedComponents: []
  m_SourcePrefab: {fileID: 100100000, guid: 2a2d88badc746894c98a6a0c451c1b77, type: 3}
--- !u!4 &3320639627979422813 stripped
Transform:
  m_CorrespondingSourceObject: {fileID: 4152683519229203631, guid: 2a2d88badc746894c98a6a0c451c1b77,
    type: 3}
  m_PrefabInstance: {fileID: 1707994063888378098}
  m_PrefabAsset: {fileID: 0}
--- !u!114 &3430974665967458413 stripped
MonoBehaviour:
  m_CorrespondingSourceObject: {fileID: 4046843576096665759, guid: 2a2d88badc746894c98a6a0c451c1b77,
    type: 3}
  m_PrefabInstance: {fileID: 1707994063888378098}
  m_PrefabAsset: {fileID: 0}
  m_GameObject: {fileID: 0}
  m_Enabled: 1
  m_EditorHideFlags: 0
  m_Script: {fileID: 11500000, guid: 7a45fec25ad4a8f4f84ed894c62ccbf6, type: 3}
  m_Name: 
  m_EditorClassIdentifier: 
--- !u!1001 &2487626910626785435
PrefabInstance:
  m_ObjectHideFlags: 0
  serializedVersion: 2
  m_Modification:
    m_TransformParent: {fileID: 5502866507740392144}
    m_Modifications:
    - target: {fileID: 1073401861269016442, guid: 2006f213367c78b4690c00ea488ad06f,
        type: 3}
      propertyPath: m_Name
      value: Interactable.Common
      objectReference: {fileID: 0}
    - target: {fileID: 2316798138750101695, guid: 2006f213367c78b4690c00ea488ad06f,
        type: 3}
      propertyPath: ActiveAndEnabled.m_PersistentCalls.m_Calls.Array.size
      value: 1
      objectReference: {fileID: 0}
    - target: {fileID: 2316798138750101695, guid: 2006f213367c78b4690c00ea488ad06f,
        type: 3}
      propertyPath: ActiveAndEnabled.m_PersistentCalls.m_Calls.Array.data[0].m_Mode
      value: 4
      objectReference: {fileID: 0}
    - target: {fileID: 2316798138750101695, guid: 2006f213367c78b4690c00ea488ad06f,
        type: 3}
      propertyPath: ActiveAndEnabled.m_PersistentCalls.m_Calls.Array.data[0].m_Target
      value: 
      objectReference: {fileID: 622959122215705043}
    - target: {fileID: 2316798138750101695, guid: 2006f213367c78b4690c00ea488ad06f,
        type: 3}
      propertyPath: ActiveAndEnabled.m_PersistentCalls.m_Calls.Array.data[0].m_CallState
      value: 2
      objectReference: {fileID: 0}
    - target: {fileID: 2316798138750101695, guid: 2006f213367c78b4690c00ea488ad06f,
        type: 3}
      propertyPath: ActiveAndEnabled.m_PersistentCalls.m_Calls.Array.data[0].m_MethodName
      value: set_maxAngularVelocity
      objectReference: {fileID: 0}
    - target: {fileID: 2316798138750101695, guid: 2006f213367c78b4690c00ea488ad06f,
        type: 3}
      propertyPath: ActiveAndEnabled.m_PersistentCalls.m_Calls.Array.data[0].m_Arguments.m_FloatArgument
      value: Infinity
      objectReference: {fileID: 0}
    - target: {fileID: 2316798138750101695, guid: 2006f213367c78b4690c00ea488ad06f,
        type: 3}
      propertyPath: ActiveAndEnabled.m_PersistentCalls.m_Calls.Array.data[0].m_Arguments.m_ObjectArgumentAssemblyTypeName
      value: UnityEngine.Object, UnityEngine
      objectReference: {fileID: 0}
    - target: {fileID: 2820337721531854760, guid: 2006f213367c78b4690c00ea488ad06f,
        type: 3}
      propertyPath: m_RootOrder
      value: 0
      objectReference: {fileID: 0}
    - target: {fileID: 2820337721531854760, guid: 2006f213367c78b4690c00ea488ad06f,
        type: 3}
      propertyPath: m_LocalPosition.x
      value: 0
      objectReference: {fileID: 0}
    - target: {fileID: 2820337721531854760, guid: 2006f213367c78b4690c00ea488ad06f,
        type: 3}
      propertyPath: m_LocalPosition.y
      value: 0
      objectReference: {fileID: 0}
    - target: {fileID: 2820337721531854760, guid: 2006f213367c78b4690c00ea488ad06f,
        type: 3}
      propertyPath: m_LocalPosition.z
      value: 0
      objectReference: {fileID: 0}
    - target: {fileID: 2820337721531854760, guid: 2006f213367c78b4690c00ea488ad06f,
        type: 3}
      propertyPath: m_LocalRotation.w
      value: 1
      objectReference: {fileID: 0}
    - target: {fileID: 2820337721531854760, guid: 2006f213367c78b4690c00ea488ad06f,
        type: 3}
      propertyPath: m_LocalRotation.x
      value: 0
      objectReference: {fileID: 0}
    - target: {fileID: 2820337721531854760, guid: 2006f213367c78b4690c00ea488ad06f,
        type: 3}
      propertyPath: m_LocalRotation.y
      value: 0
      objectReference: {fileID: 0}
    - target: {fileID: 2820337721531854760, guid: 2006f213367c78b4690c00ea488ad06f,
        type: 3}
      propertyPath: m_LocalRotation.z
      value: 0
      objectReference: {fileID: 0}
    - target: {fileID: 2820337721531854760, guid: 2006f213367c78b4690c00ea488ad06f,
        type: 3}
      propertyPath: m_LocalEulerAnglesHint.x
      value: 0
      objectReference: {fileID: 0}
    - target: {fileID: 2820337721531854760, guid: 2006f213367c78b4690c00ea488ad06f,
        type: 3}
      propertyPath: m_LocalEulerAnglesHint.y
      value: 0
      objectReference: {fileID: 0}
    - target: {fileID: 2820337721531854760, guid: 2006f213367c78b4690c00ea488ad06f,
        type: 3}
      propertyPath: m_LocalEulerAnglesHint.z
      value: 0
      objectReference: {fileID: 0}
    - target: {fileID: 5279922865262658250, guid: 2006f213367c78b4690c00ea488ad06f,
        type: 3}
      propertyPath: elements.Array.size
      value: 1
      objectReference: {fileID: 0}
    - target: {fileID: 5279922865262658250, guid: 2006f213367c78b4690c00ea488ad06f,
        type: 3}
      propertyPath: elements.Array.data[0]
      value: 
      objectReference: {fileID: 8697053755483013181}
    m_RemovedComponents: []
  m_SourcePrefab: {fileID: 100100000, guid: 2006f213367c78b4690c00ea488ad06f, type: 3}
--- !u!114 &8333411745007422576 stripped
MonoBehaviour:
  m_CorrespondingSourceObject: {fileID: 5846774759968269547, guid: 2006f213367c78b4690c00ea488ad06f,
    type: 3}
  m_PrefabInstance: {fileID: 2487626910626785435}
  m_PrefabAsset: {fileID: 0}
  m_GameObject: {fileID: 0}
  m_Enabled: 1
  m_EditorHideFlags: 0
  m_Script: {fileID: 11500000, guid: 0462aa3102a34743b5c3c0cb9c525dbf, type: 3}
  m_Name: 
  m_EditorClassIdentifier: 
--- !u!114 &8282508816113554004 stripped
MonoBehaviour:
  m_CorrespondingSourceObject: {fileID: 5797455005512497871, guid: 2006f213367c78b4690c00ea488ad06f,
    type: 3}
  m_PrefabInstance: {fileID: 2487626910626785435}
  m_PrefabAsset: {fileID: 0}
  m_GameObject: {fileID: 0}
  m_Enabled: 1
  m_EditorHideFlags: 0
  m_Script: {fileID: 11500000, guid: 7102cedb00f74625a1cdaa822e5661f5, type: 3}
  m_Name: 
  m_EditorClassIdentifier: 
--- !u!114 &5543573695152553284 stripped
MonoBehaviour:
  m_CorrespondingSourceObject: {fileID: 7956569273879025119, guid: 2006f213367c78b4690c00ea488ad06f,
    type: 3}
  m_PrefabInstance: {fileID: 2487626910626785435}
  m_PrefabAsset: {fileID: 0}
  m_GameObject: {fileID: 0}
  m_Enabled: 1
  m_EditorHideFlags: 0
  m_Script: {fileID: 11500000, guid: c18402e6d0a88df479eb7fe789b6f57e, type: 3}
  m_Name: 
  m_EditorClassIdentifier: 
--- !u!114 &7285539885997509273 stripped
MonoBehaviour:
  m_CorrespondingSourceObject: {fileID: 5160769565785776642, guid: 2006f213367c78b4690c00ea488ad06f,
    type: 3}
  m_PrefabInstance: {fileID: 2487626910626785435}
  m_PrefabAsset: {fileID: 0}
  m_GameObject: {fileID: 0}
  m_Enabled: 1
  m_EditorHideFlags: 0
  m_Script: {fileID: 11500000, guid: c18402e6d0a88df479eb7fe789b6f57e, type: 3}
  m_Name: 
  m_EditorClassIdentifier: 
--- !u!4 &407023028733921075 stripped
Transform:
  m_CorrespondingSourceObject: {fileID: 2820337721531854760, guid: 2006f213367c78b4690c00ea488ad06f,
    type: 3}
  m_PrefabInstance: {fileID: 2487626910626785435}
  m_PrefabAsset: {fileID: 0}
--- !u!114 &3346701429774000587 stripped
MonoBehaviour:
  m_CorrespondingSourceObject: {fileID: 933384520905001296, guid: 2006f213367c78b4690c00ea488ad06f,
    type: 3}
  m_PrefabInstance: {fileID: 2487626910626785435}
  m_PrefabAsset: {fileID: 0}
  m_GameObject: {fileID: 0}
  m_Enabled: 1
  m_EditorHideFlags: 0
  m_Script: {fileID: 11500000, guid: 0462aa3102a34743b5c3c0cb9c525dbf, type: 3}
  m_Name: 
  m_EditorClassIdentifier: 
--- !u!1001 &2788375503530691763
PrefabInstance:
  m_ObjectHideFlags: 0
  serializedVersion: 2
  m_Modification:
    m_TransformParent: {fileID: 4130617819005143396}
    m_Modifications:
    - target: {fileID: 2857845961663347754, guid: 702caa48c730e92469a1c5144fd8ed46,
        type: 3}
      propertyPath: m_RootOrder
      value: 0
      objectReference: {fileID: 0}
    - target: {fileID: 2857845961663347754, guid: 702caa48c730e92469a1c5144fd8ed46,
        type: 3}
      propertyPath: m_LocalPosition.x
      value: 0
      objectReference: {fileID: 0}
    - target: {fileID: 2857845961663347754, guid: 702caa48c730e92469a1c5144fd8ed46,
        type: 3}
      propertyPath: m_LocalPosition.y
      value: 0
      objectReference: {fileID: 0}
    - target: {fileID: 2857845961663347754, guid: 702caa48c730e92469a1c5144fd8ed46,
        type: 3}
      propertyPath: m_LocalPosition.z
      value: 0
      objectReference: {fileID: 0}
    - target: {fileID: 2857845961663347754, guid: 702caa48c730e92469a1c5144fd8ed46,
        type: 3}
      propertyPath: m_LocalRotation.w
      value: 1
      objectReference: {fileID: 0}
    - target: {fileID: 2857845961663347754, guid: 702caa48c730e92469a1c5144fd8ed46,
        type: 3}
      propertyPath: m_LocalRotation.x
      value: 0
      objectReference: {fileID: 0}
    - target: {fileID: 2857845961663347754, guid: 702caa48c730e92469a1c5144fd8ed46,
        type: 3}
      propertyPath: m_LocalRotation.y
      value: 0
      objectReference: {fileID: 0}
    - target: {fileID: 2857845961663347754, guid: 702caa48c730e92469a1c5144fd8ed46,
        type: 3}
      propertyPath: m_LocalRotation.z
      value: 0
      objectReference: {fileID: 0}
    - target: {fileID: 2857845961663347754, guid: 702caa48c730e92469a1c5144fd8ed46,
        type: 3}
      propertyPath: m_LocalEulerAnglesHint.x
      value: 0
      objectReference: {fileID: 0}
    - target: {fileID: 2857845961663347754, guid: 702caa48c730e92469a1c5144fd8ed46,
        type: 3}
      propertyPath: m_LocalEulerAnglesHint.y
      value: 0
      objectReference: {fileID: 0}
    - target: {fileID: 2857845961663347754, guid: 702caa48c730e92469a1c5144fd8ed46,
        type: 3}
      propertyPath: m_LocalEulerAnglesHint.z
      value: 0
      objectReference: {fileID: 0}
    - target: {fileID: 3607323991379943426, guid: 702caa48c730e92469a1c5144fd8ed46,
        type: 3}
      propertyPath: grabOffset
      value: 1
      objectReference: {fileID: 0}
    - target: {fileID: 5701689818747509894, guid: 702caa48c730e92469a1c5144fd8ed46,
        type: 3}
      propertyPath: m_Name
      value: Interactable.GrabAction.Follow
      objectReference: {fileID: 0}
    - target: {fileID: 7355723497187032268, guid: 702caa48c730e92469a1c5144fd8ed46,
        type: 3}
      propertyPath: Added.m_PersistentCalls.m_Calls.Array.size
      value: 0
      objectReference: {fileID: 0}
    - target: {fileID: 7355723497187032268, guid: 702caa48c730e92469a1c5144fd8ed46,
        type: 3}
      propertyPath: Added.m_PersistentCalls.m_Calls.Array.data[0].m_Mode
      value: 1
      objectReference: {fileID: 0}
    - target: {fileID: 7355723497187032268, guid: 702caa48c730e92469a1c5144fd8ed46,
        type: 3}
      propertyPath: Added.m_PersistentCalls.m_Calls.Array.data[0].m_Target
      value: 
      objectReference: {fileID: 1855060331640675462}
    - target: {fileID: 7355723497187032268, guid: 702caa48c730e92469a1c5144fd8ed46,
        type: 3}
      propertyPath: Added.m_PersistentCalls.m_Calls.Array.data[0].m_CallState
      value: 2
      objectReference: {fileID: 0}
    m_RemovedComponents: []
  m_SourcePrefab: {fileID: 100100000, guid: 702caa48c730e92469a1c5144fd8ed46, type: 3}
--- !u!4 &79753615138582681 stripped
Transform:
  m_CorrespondingSourceObject: {fileID: 2857845961663347754, guid: 702caa48c730e92469a1c5144fd8ed46,
    type: 3}
  m_PrefabInstance: {fileID: 2788375503530691763}
  m_PrefabAsset: {fileID: 0}
--- !u!114 &1494498750346505393 stripped
MonoBehaviour:
  m_CorrespondingSourceObject: {fileID: 3607323991379943426, guid: 702caa48c730e92469a1c5144fd8ed46,
    type: 3}
  m_PrefabInstance: {fileID: 2788375503530691763}
  m_PrefabAsset: {fileID: 0}
  m_GameObject: {fileID: 0}
  m_Enabled: 1
  m_EditorHideFlags: 0
  m_Script: {fileID: 11500000, guid: aa6b2e26d85a4f740b961ef57e412d92, type: 3}
  m_Name: 
  m_EditorClassIdentifier: 
--- !u!1001 &2788375503964701735
PrefabInstance:
  m_ObjectHideFlags: 0
  serializedVersion: 2
  m_Modification:
    m_TransformParent: {fileID: 4130617819005143396}
    m_Modifications:
    - target: {fileID: 2172877711718857625, guid: e31ddf5ca7950534fb66684149b566b0,
        type: 3}
      propertyPath: m_RootOrder
      value: 1
      objectReference: {fileID: 0}
    - target: {fileID: 2172877711718857625, guid: e31ddf5ca7950534fb66684149b566b0,
        type: 3}
      propertyPath: m_LocalPosition.x
      value: 0
      objectReference: {fileID: 0}
    - target: {fileID: 2172877711718857625, guid: e31ddf5ca7950534fb66684149b566b0,
        type: 3}
      propertyPath: m_LocalPosition.y
      value: 0
      objectReference: {fileID: 0}
    - target: {fileID: 2172877711718857625, guid: e31ddf5ca7950534fb66684149b566b0,
        type: 3}
      propertyPath: m_LocalPosition.z
      value: 0
      objectReference: {fileID: 0}
    - target: {fileID: 2172877711718857625, guid: e31ddf5ca7950534fb66684149b566b0,
        type: 3}
      propertyPath: m_LocalRotation.w
      value: 1
      objectReference: {fileID: 0}
    - target: {fileID: 2172877711718857625, guid: e31ddf5ca7950534fb66684149b566b0,
        type: 3}
      propertyPath: m_LocalRotation.x
      value: 0
      objectReference: {fileID: 0}
    - target: {fileID: 2172877711718857625, guid: e31ddf5ca7950534fb66684149b566b0,
        type: 3}
      propertyPath: m_LocalRotation.y
      value: 0
      objectReference: {fileID: 0}
    - target: {fileID: 2172877711718857625, guid: e31ddf5ca7950534fb66684149b566b0,
        type: 3}
      propertyPath: m_LocalRotation.z
      value: 0
      objectReference: {fileID: 0}
    - target: {fileID: 2172877711718857625, guid: e31ddf5ca7950534fb66684149b566b0,
        type: 3}
      propertyPath: m_LocalEulerAnglesHint.x
      value: 0
      objectReference: {fileID: 0}
    - target: {fileID: 2172877711718857625, guid: e31ddf5ca7950534fb66684149b566b0,
        type: 3}
      propertyPath: m_LocalEulerAnglesHint.y
      value: 0
      objectReference: {fileID: 0}
    - target: {fileID: 2172877711718857625, guid: e31ddf5ca7950534fb66684149b566b0,
        type: 3}
      propertyPath: m_LocalEulerAnglesHint.z
      value: 0
      objectReference: {fileID: 0}
    - target: {fileID: 5976216758737313083, guid: e31ddf5ca7950534fb66684149b566b0,
        type: 3}
      propertyPath: m_Name
      value: Interactable.GrabAction.Swap
      objectReference: {fileID: 0}
    m_RemovedComponents: []
  m_SourcePrefab: {fileID: 100100000, guid: e31ddf5ca7950534fb66684149b566b0, type: 3}
--- !u!4 &4077394266054868926 stripped
Transform:
  m_CorrespondingSourceObject: {fileID: 2172877711718857625, guid: e31ddf5ca7950534fb66684149b566b0,
    type: 3}
  m_PrefabInstance: {fileID: 2788375503964701735}
  m_PrefabAsset: {fileID: 0}
--- !u!114 &4172387342187822498 stripped
MonoBehaviour:
  m_CorrespondingSourceObject: {fileID: 2257711411541539205, guid: e31ddf5ca7950534fb66684149b566b0,
    type: 3}
  m_PrefabInstance: {fileID: 2788375503964701735}
  m_PrefabAsset: {fileID: 0}
  m_GameObject: {fileID: 0}
  m_Enabled: 1
  m_EditorHideFlags: 0
  m_Script: {fileID: 11500000, guid: dbaf3558ca247b54c95c270c714485be, type: 3}
  m_Name: 
  m_EditorClassIdentifier: 
--- !u!1001 &3315498915377106562
PrefabInstance:
  m_ObjectHideFlags: 0
  serializedVersion: 2
  m_Modification:
    m_TransformParent: {fileID: 1040378690672474706}
    m_Modifications:
    - target: {fileID: 1390912125830776597, guid: bf395407a1df60d4ebaad52cf81795fd,
        type: 3}
      propertyPath: m_RootOrder
      value: 1
      objectReference: {fileID: 0}
    - target: {fileID: 1390912125830776597, guid: bf395407a1df60d4ebaad52cf81795fd,
        type: 3}
      propertyPath: m_LocalPosition.x
      value: 0
      objectReference: {fileID: 0}
    - target: {fileID: 1390912125830776597, guid: bf395407a1df60d4ebaad52cf81795fd,
        type: 3}
      propertyPath: m_LocalPosition.y
      value: 0
      objectReference: {fileID: 0}
    - target: {fileID: 1390912125830776597, guid: bf395407a1df60d4ebaad52cf81795fd,
        type: 3}
      propertyPath: m_LocalPosition.z
      value: 0
      objectReference: {fileID: 0}
    - target: {fileID: 1390912125830776597, guid: bf395407a1df60d4ebaad52cf81795fd,
        type: 3}
      propertyPath: m_LocalRotation.w
      value: 1
      objectReference: {fileID: 0}
    - target: {fileID: 1390912125830776597, guid: bf395407a1df60d4ebaad52cf81795fd,
        type: 3}
      propertyPath: m_LocalRotation.x
      value: 0
      objectReference: {fileID: 0}
    - target: {fileID: 1390912125830776597, guid: bf395407a1df60d4ebaad52cf81795fd,
        type: 3}
      propertyPath: m_LocalRotation.y
      value: 0
      objectReference: {fileID: 0}
    - target: {fileID: 1390912125830776597, guid: bf395407a1df60d4ebaad52cf81795fd,
        type: 3}
      propertyPath: m_LocalRotation.z
      value: 0
      objectReference: {fileID: 0}
    - target: {fileID: 1390912125830776597, guid: bf395407a1df60d4ebaad52cf81795fd,
        type: 3}
      propertyPath: m_LocalEulerAnglesHint.x
      value: 0
      objectReference: {fileID: 0}
    - target: {fileID: 1390912125830776597, guid: bf395407a1df60d4ebaad52cf81795fd,
        type: 3}
      propertyPath: m_LocalEulerAnglesHint.y
      value: 0
      objectReference: {fileID: 0}
    - target: {fileID: 1390912125830776597, guid: bf395407a1df60d4ebaad52cf81795fd,
        type: 3}
      propertyPath: m_LocalEulerAnglesHint.z
      value: 0
      objectReference: {fileID: 0}
    - target: {fileID: 8083731742221670193, guid: bf395407a1df60d4ebaad52cf81795fd,
        type: 3}
      propertyPath: m_Name
      value: Interactable.GrabEvent.Stack
      objectReference: {fileID: 0}
    m_RemovedComponents: []
  m_SourcePrefab: {fileID: 100100000, guid: bf395407a1df60d4ebaad52cf81795fd, type: 3}
--- !u!4 &4417617298485119383 stripped
Transform:
  m_CorrespondingSourceObject: {fileID: 1390912125830776597, guid: bf395407a1df60d4ebaad52cf81795fd,
    type: 3}
  m_PrefabInstance: {fileID: 3315498915377106562}
  m_PrefabAsset: {fileID: 0}
--- !u!114 &2463937960544037789 stripped
MonoBehaviour:
  m_CorrespondingSourceObject: {fileID: 878956431874532639, guid: bf395407a1df60d4ebaad52cf81795fd,
    type: 3}
  m_PrefabInstance: {fileID: 3315498915377106562}
  m_PrefabAsset: {fileID: 0}
  m_GameObject: {fileID: 0}
  m_Enabled: 1
  m_EditorHideFlags: 0
  m_Script: {fileID: 11500000, guid: 36a13d018f05c4042b1942f33eabbfb1, type: 3}
  m_Name: 
  m_EditorClassIdentifier: 
--- !u!1001 &7526146460505254717
PrefabInstance:
  m_ObjectHideFlags: 0
  serializedVersion: 2
  m_Modification:
    m_TransformParent: {fileID: 5502866507740392144}
    m_Modifications:
    - target: {fileID: 1210858528001014937, guid: 57cea8fee147c654397a0685154f498e,
        type: 3}
      propertyPath: m_RootOrder
      value: 1
      objectReference: {fileID: 0}
    - target: {fileID: 1210858528001014937, guid: 57cea8fee147c654397a0685154f498e,
        type: 3}
      propertyPath: m_LocalPosition.x
      value: 0
      objectReference: {fileID: 0}
    - target: {fileID: 1210858528001014937, guid: 57cea8fee147c654397a0685154f498e,
        type: 3}
      propertyPath: m_LocalPosition.y
      value: 0
      objectReference: {fileID: 0}
    - target: {fileID: 1210858528001014937, guid: 57cea8fee147c654397a0685154f498e,
        type: 3}
      propertyPath: m_LocalPosition.z
      value: 0
      objectReference: {fileID: 0}
    - target: {fileID: 1210858528001014937, guid: 57cea8fee147c654397a0685154f498e,
        type: 3}
      propertyPath: m_LocalRotation.w
      value: 1
      objectReference: {fileID: 0}
    - target: {fileID: 1210858528001014937, guid: 57cea8fee147c654397a0685154f498e,
        type: 3}
      propertyPath: m_LocalRotation.x
      value: 0
      objectReference: {fileID: 0}
    - target: {fileID: 1210858528001014937, guid: 57cea8fee147c654397a0685154f498e,
        type: 3}
      propertyPath: m_LocalRotation.y
      value: 0
      objectReference: {fileID: 0}
    - target: {fileID: 1210858528001014937, guid: 57cea8fee147c654397a0685154f498e,
        type: 3}
      propertyPath: m_LocalRotation.z
      value: 0
      objectReference: {fileID: 0}
    - target: {fileID: 1210858528001014937, guid: 57cea8fee147c654397a0685154f498e,
        type: 3}
      propertyPath: m_LocalEulerAnglesHint.x
      value: 0
      objectReference: {fileID: 0}
    - target: {fileID: 1210858528001014937, guid: 57cea8fee147c654397a0685154f498e,
        type: 3}
      propertyPath: m_LocalEulerAnglesHint.y
      value: 0
      objectReference: {fileID: 0}
    - target: {fileID: 1210858528001014937, guid: 57cea8fee147c654397a0685154f498e,
        type: 3}
      propertyPath: m_LocalEulerAnglesHint.z
      value: 0
      objectReference: {fileID: 0}
    - target: {fileID: 3899411491897718271, guid: 57cea8fee147c654397a0685154f498e,
        type: 3}
      propertyPath: facade
      value: 
      objectReference: {fileID: 8697053755483013181}
    - target: {fileID: 5364294047523183225, guid: 57cea8fee147c654397a0685154f498e,
        type: 3}
      propertyPath: m_Name
      value: Interactable.TouchReceiver
      objectReference: {fileID: 0}
    - target: {fileID: 8509791108597112804, guid: 57cea8fee147c654397a0685154f498e,
        type: 3}
      propertyPath: receiveValidity.field
      value: 
      objectReference: {fileID: 8333411745007422576}
    m_RemovedComponents: []
  m_SourcePrefab: {fileID: 100100000, guid: 57cea8fee147c654397a0685154f498e, type: 3}
--- !u!114 &6804728219130470082 stripped
MonoBehaviour:
  m_CorrespondingSourceObject: {fileID: 3899411491897718271, guid: 57cea8fee147c654397a0685154f498e,
    type: 3}
  m_PrefabInstance: {fileID: 7526146460505254717}
  m_PrefabAsset: {fileID: 0}
  m_GameObject: {fileID: 0}
  m_Enabled: 1
  m_EditorHideFlags: 0
  m_Script: {fileID: 11500000, guid: c6631cbd1a0377e4dafb140bd9df0a9d, type: 3}
  m_Name: 
  m_EditorClassIdentifier: 
--- !u!4 &8700931660167387044 stripped
Transform:
  m_CorrespondingSourceObject: {fileID: 1210858528001014937, guid: 57cea8fee147c654397a0685154f498e,
    type: 3}
  m_PrefabInstance: {fileID: 7526146460505254717}
  m_PrefabAsset: {fileID: 0}
